@inproceedings{Abadi2005,
author = {Abadi, Daniel and Ahmad, Yanif and Balazinska, Magdalena and Cetintemel, Ugur and Cherniack, Mitch and Hwang, Jeong and Lindner, Wolfgang and Maskey, Anurag and Rasin, Alexander and Ryvkina, Esther and Tatbul, Nesime and Xing, Ying and Zdonik, Stan},
booktitle = {CIDR'05: Proceedings of the 2nd Biennial Conference on Innovative Data Systems Research},
pages = {277 -- 289},
title = {{The Design of the Borealis Stream Processing Engine}},
url = {http://www.citeulike.org/group/3100/article/1681216},
year = {2005}
}
